@article{dsvcs,
  title = {A Roadmap towards Domain-Specific Version Control Systems},
  journal = {White Paper},
  author = {Eugene Syriani and Manuel Wimmer},
  year = 2018
}
